%YAML 1.1
%TAG !u! tag:unity3d.com,2011:
--- !u!1 &9104310706246736618
GameObject:
  m_ObjectHideFlags: 0
  m_CorrespondingSourceObject: {fileID: 0}
  m_PrefabInstance: {fileID: 0}
  m_PrefabAsset: {fileID: 0}
  serializedVersion: 6
  m_Component:
  - component: {fileID: 1711337417860530014}
  - component: {fileID: 3752816256640940770}
  - component: {fileID: -7434037389657170274}
  - component: {fileID: -7597945232353096505}
  - component: {fileID: 1540277675219772510}
  - component: {fileID: -654023270164132633}
  m_Layer: 0
  m_Name: ChessPiece
  m_TagString: Untagged
  m_Icon: {fileID: 0}
  m_NavMeshLayer: 0
  m_StaticEditorFlags: 0
  m_IsActive: 1
--- !u!4 &1711337417860530014
Transform:
  m_ObjectHideFlags: 0
  m_CorrespondingSourceObject: {fileID: 0}
  m_PrefabInstance: {fileID: 0}
  m_PrefabAsset: {fileID: 0}
  m_GameObject: {fileID: 9104310706246736618}
  m_LocalRotation: {x: 0, y: 0, z: 0, w: 1}
  m_LocalPosition: {x: 0, y: 0, z: 0}
  m_LocalScale: {x: 0.24, y: 0.24, z: 1}
  m_Children: []
  m_Father: {fileID: 0}
  m_RootOrder: 0
  m_LocalEulerAnglesHint: {x: 0, y: 0, z: 0}
--- !u!212 &3752816256640940770
SpriteRenderer:
  m_ObjectHideFlags: 0
  m_CorrespondingSourceObject: {fileID: 0}
  m_PrefabInstance: {fileID: 0}
  m_PrefabAsset: {fileID: 0}
  m_GameObject: {fileID: 9104310706246736618}
  m_Enabled: 1
  m_CastShadows: 0
  m_ReceiveShadows: 0
  m_DynamicOccludee: 1
  m_MotionVectors: 1
  m_LightProbeUsage: 1
  m_ReflectionProbeUsage: 1
  m_RayTracingMode: 0
  m_RayTraceProcedural: 0
  m_RenderingLayerMask: 1
  m_RendererPriority: 0
  m_Materials:
  - {fileID: 10754, guid: 0000000000000000f000000000000000, type: 0}
  m_StaticBatchInfo:
    firstSubMesh: 0
    subMeshCount: 0
  m_StaticBatchRoot: {fileID: 0}
  m_ProbeAnchor: {fileID: 0}
  m_LightProbeVolumeOverride: {fileID: 0}
  m_ScaleInLightmap: 1
  m_ReceiveGI: 1
  m_PreserveUVs: 0
  m_IgnoreNormalsForChartDetection: 0
  m_ImportantGI: 0
  m_StitchLightmapSeams: 1
  m_SelectedEditorRenderState: 0
  m_MinimumChartSize: 4
  m_AutoUVMaxDistance: 0.5
  m_AutoUVMaxAngle: 89
  m_LightmapParameters: {fileID: 0}
  m_SortingLayerID: 0
  m_SortingLayer: 0
  m_SortingOrder: 3
  m_Sprite: {fileID: 21300000, guid: 444f9b259bdd2144db3577967866fb0c, type: 3}
  m_Color: {r: 1, g: 1, b: 1, a: 1}
  m_FlipX: 0
  m_FlipY: 0
  m_DrawMode: 0
  m_Size: {x: 16.67, y: 16.67}
  m_AdaptiveModeThreshold: 0.5
  m_SpriteTileMode: 0
  m_WasSpriteAssigned: 1
  m_MaskInteraction: 0
  m_SpriteSortPoint: 0
--- !u!114 &-7434037389657170274
MonoBehaviour:
  m_ObjectHideFlags: 0
  m_CorrespondingSourceObject: {fileID: 0}
  m_PrefabInstance: {fileID: 0}
  m_PrefabAsset: {fileID: 0}
  m_GameObject: {fileID: 9104310706246736618}
  m_Enabled: 1
  m_EditorHideFlags: 0
  m_Script: {fileID: 11500000, guid: d8ac44b1835db8e4fb36e5b783cac244, type: 3}
  m_Name: 
  m_EditorClassIdentifier: 
  syncMode: 0
  syncInterval: 0.1
  controller: {fileID: 0}
  movePlate: {fileID: 3259060904143898638, guid: 42aa3f8ba54c29e40b03f274475c4448, type: 3}
  black_queen: {fileID: 21300000, guid: 9d8df37fd731b834185426720b75c901, type: 3}
  black_knight: {fileID: 21300000, guid: b2b1844a2a9f6e04c868e8b4c117de9d, type: 3}
  black_bishop: {fileID: 21300000, guid: 4fab202c6cfdfa24ca795153c307479f, type: 3}
  black_king: {fileID: 21300000, guid: 444f9b259bdd2144db3577967866fb0c, type: 3}
  black_rook: {fileID: 21300000, guid: 283b7fb9d4baaa5449f10b2d6f516c49, type: 3}
  black_pawn: {fileID: 21300000, guid: be0466f1080c298439d589ebb310ac7b, type: 3}
  black_pawn2: {fileID: 21300000, guid: be0466f1080c298439d589ebb310ac7b, type: 3}
  black_dragon: {fileID: 21300000, guid: 694c739f659dc7f498f4fc0dadd7c635, type: 3}
  white_queen: {fileID: 21300000, guid: 329cbeb4bd9afb34da73974ecd5b5af5, type: 3}
  white_knight: {fileID: 21300000, guid: 955f04aaa835cf24986019eea8658c55, type: 3}
  white_bishop: {fileID: 21300000, guid: 1fe069d825ddbd5458654e6045168a8b, type: 3}
  white_king: {fileID: 21300000, guid: aff093bb10ae9c44cbefe9f32a2de8e2, type: 3}
  white_rook: {fileID: 21300000, guid: 814e64c435145b14f91ab6fdb4b41c63, type: 3}
  white_pawn: {fileID: 21300000, guid: bbeabd6f57117aa41b45f4ced1f71366, type: 3}
  white_pawn2: {fileID: 21300000, guid: bbeabd6f57117aa41b45f4ced1f71366, type: 3}
  white_dragon: {fileID: 21300000, guid: a0d0c663698e16841ab77c69f5de2536, type: 3}
  checkMate: 0
--- !u!61 &-7597945232353096505
BoxCollider2D:
  m_ObjectHideFlags: 0
  m_CorrespondingSourceObject: {fileID: 0}
  m_PrefabInstance: {fileID: 0}
  m_PrefabAsset: {fileID: 0}
  m_GameObject: {fileID: 9104310706246736618}
  m_Enabled: 1
  m_Density: 1
  m_Material: {fileID: 0}
  m_IsTrigger: 0
  m_UsedByEffector: 0
  m_UsedByComposite: 0
  m_Offset: {x: 0, y: 0}
  m_SpriteTilingProperty:
    border: {x: 0, y: 0, z: 0, w: 0}
    pivot: {x: 0.5, y: 0.5}
    oldSize: {x: 16.67, y: 16.67}
    newSize: {x: 16.67, y: 16.67}
    adaptiveTilingThreshold: 0.5
    drawMode: 0
    adaptiveTiling: 0
  m_AutoTiling: 0
  serializedVersion: 2
  m_Size: {x: 16.67, y: 16.67}
  m_EdgeRadius: 0
--- !u!114 &1540277675219772510
MonoBehaviour:
  m_ObjectHideFlags: 0
  m_CorrespondingSourceObject: {fileID: 0}
  m_PrefabInstance: {fileID: 0}
  m_PrefabAsset: {fileID: 0}
  m_GameObject: {fileID: 9104310706246736618}
  m_Enabled: 1
  m_EditorHideFlags: 0
  m_Script: {fileID: 11500000, guid: 9b91ecbcc199f4492b9a91e820070131, type: 3}
  m_Name: 
  m_EditorClassIdentifier: 
  sceneId: 0
  serverOnly: 0
  m_AssetId: 
  hasSpawned: 0
--- !u!114 &-654023270164132633
MonoBehaviour:
  m_ObjectHideFlags: 0
  m_CorrespondingSourceObject: {fileID: 0}
  m_PrefabInstance: {fileID: 0}
  m_PrefabAsset: {fileID: 0}
  m_GameObject: {fileID: 9104310706246736618}
  m_Enabled: 1
  m_EditorHideFlags: 0
  m_Script: {fileID: 11500000, guid: 2f74aedd71d9a4f55b3ce499326d45fb, type: 3}
  m_Name: 
  m_EditorClassIdentifier: 
  syncMode: 0
  syncInterval: 0.1
  clientAuthority: 0
  localPositionSensitivity: 0.01
  localRotationSensitivity: 0.01
  localScaleSensitivity: 0.01
